<record><leader>00000cas a22000007a 4500</leader><controlfield tag="001">12719603</controlfield><controlfield tag="008">851025d19771979aluwr ne      0    0eng d</controlfield><datafield ind1=" " ind2=" " tag="010"><subfield code="a">sn 85045022 </subfield></datafield><datafield ind1=" " ind2=" " tag="040"><subfield code="a">CPN</subfield><subfield code="b">eng</subfield><subfield code="c">CPN</subfield><subfield code="d">OCLCQ</subfield></datafield><datafield ind1=" " ind2=" " tag="042"><subfield code="a">msc</subfield></datafield><datafield ind1="0" ind2="4" tag="245"><subfield code="a">The Tuesday sun.</subfield></datafield><datafield ind1=" " ind2=" " tag="260"><subfield code="a">Oxford, Ala. :</subfield><subfield code="b">Frank Hague &amp; Terry Crowe,</subfield><subfield code="c">1977-1979.</subfield></datafield><datafield ind1=" " ind2=" " tag="300"><subfield code="a">v. :</subfield><subfield code="b">ill. ;</subfield><subfield code="c">57 cm.</subfield></datafield><datafield ind1=" " ind2=" " tag="310"><subfield code="a">Weekly</subfield></datafield><datafield ind1="0" ind2=" " tag="362"><subfield code="a">Vol. 10, no. 31 (Nov. 1, 1977)-v. 12, no. 23 (Sept. 4, 1979).</subfield></datafield><datafield ind1=" " ind2=" " tag="752"><subfield code="a">United States</subfield><subfield code="b">Alabama</subfield><subfield code="c">Calhoun</subfield><subfield code="d">Oxford.</subfield></datafield><datafield ind1="0" ind2="0" tag="780"><subfield code="t">Oxford sun</subfield><subfield code="w">(DLC)sn 85044999</subfield></datafield><datafield ind1="0" ind2="0" tag="785"><subfield code="t">Oxford sun (Oxford, Ala.)</subfield><subfield code="w">(DLC)sn 85045023</subfield></datafield></record>